@inproceedings{Hickey:2008,
 author = {Hickey, Rich},
 title = {The Clojure programming language},
 booktitle = {Proceedings of the 2008 symposium on Dynamic languages},
 series = {DLS '08},
 year = {2008},
 isbn = {978-1-60558-270-2},
 location = {Paphos, Cyprus},
 pages = {1:1--1:1},
 articleno = {1},
 numpages = {1},
 url = {http://doi.acm.org.ezproxy.morris.umn.edu/10.1145/1408681.1408682},
 doi = {10.1145/1408681.1408682},
 acmid = {1408682},
 publisher = {ACM},
 address = {New York, NY, USA},
} 

@inproceedings{Brown:2010,
 author = {Brown, Richard and Shoop, Elizabeth and Adams, Joel and Clifton, Curtis and Gardner, Mark and Haupt, Michael and Hinsbeeck, Peter},
 title = {Strategies for preparing computer science students for the multicore world},
 booktitle = {Proceedings of the 2010 ITiCSE working group reports},
 series = {ITiCSE-WGR '10},
 year = {2010},
 isbn = {978-1-4503-0677-5},
 location = {Ankara, Turkey},
 pages = {97--115},
 numpages = {19},
 url = {http://doi.acm.org.ezproxy.morris.umn.edu/10.1145/1971681.1971689},
 doi = {10.1145/1971681.1971689},
 acmid = {1971689},
 publisher = {ACM},
 address = {New York, NY, USA},
 keywords = {multi-core computing, parallelism},
} 


@MISC{graphics,
    url        = "https://github.com/daveray/seesaw",
    }

@MISC{turtle,
   url = "http://nakkaya.com/2010/01/09/a-simple-turtle-graphics-implementation-in-clojure/"
}

@MISC{lein,
   url = "http://leiningen.org/"
}

@book{htdp,
 author = {Felleisen, Matthias and Findler, Robert Bruce and Flatt, Matthew and Krishnamurthi, Shriram},
 title = {How to design programs: an introduction to programming and computing},
 year = {2001},
 isbn = {0-262-06218-6},
 publisher = {MIT Press},
 address = {Cambridge, MA, USA},
} 

@book{haskell,
        author = "Graham Hutton",
        title = "{Programming in Haskell}",
        publisher = "Cambridge University Press",
        month = jan,
        year = 2007,
        url ={http://dx.doi.org/10.1017/CBO9780511813672}}

@MISC{jedit,
   url = "http://www.jedit.org/"
}



@inproceedings{thomsonEducation,
  author    = {Simon J. Thompson and
               Steve Hill},
  title     = {Functional Programming Through the Curriculum},
  booktitle = {FPLE},
  year      = {1995},
  pages     = {85-102},
  ee        = {http://dx.doi.org/10.1007/3-540-60675-0_40},
  crossref  = {DBLP:conf/fple/1995},
  bibsource = {DBLP, http://dblp.uni-trier.de}
}

@MISC{clojure:review,
    url        = "http://stuartsierra.com/2013/01/01/clojure-2012-year-in-review"
    }


@Book{JC,
  author =       "Michael Fogus and Chris Houser",
  title =        "The joy of {Clojure}",
  publisher =    pub-MANNING,
  address =      pub-MANNING:adr,
  pages =        "xxxi + 328",
  year =         "2011",
  ISBN =         "1-935182-64-1 (paperback)",
  ISBN-13 =      "978-1-935182-64-1 (paperback)",
  LCCN =         "QA76.62 .F64 2011",
  bibdate =      "Fri Nov 23 10:33:38 MST 2012",
  bibsource =    "http://www.math.utah.edu/pub/tex/bib/common-lisp.bib;
                 z3950.loc.gov:7090/Voyager",
  abstract =     "Provides information on the features and functions of
                 Clojure and describes how to create applications.",
  acknowledgement = ack-nhfb,
  subject =      "Clojure (Computer program language); Java (Computer
                 program language); Functional programming (Computer
                 science); Programming languages (Electronic computers);
                 Computer programming",
}







